@article{test,
  author={test},
  title={test}
}